%% This BibTeX bibliography file was created using BibDesk.
%% http://bibdesk.sourceforge.net/


%% Created for Lauro Cesar Araujo at 2013-04-05 08:03:49 -0300 


%% Saved with string encoding Unicode (UTF-8) 

@book{tanenbaum2016,
    author = {Andrew S. Tanenbaum, Herbert Bos},
    title = {Sistemas Operacionais Modernos},
    publisher = {Pearson},
    year = {2016}
}

@book{maziero2019,
    author = {Carlos A. Maziero},
    title = {Sistemas Operacionais: Conceitos e Mecanismos},
    publisher = {UFPR},
    year = {2019}
}

@book{remzi2018,
  title = {Operating Systems: Three Easy Pieces},
  shorttitle = {Operating Systems},
  author = {H. Remzi, C. Andrea },
  year = {2018},
  publisher = {Arpaci-Dusseau Books, LLC},
  address = {Erscheinungsort nicht ermittelbar},
  isbn = {978-1-9850-8659-3},
  langid = {english},
  file = {/home/nessuno/Zotero/storage/3DYI36LS/three_easy_pieces.pdf}
}

@inproceedings{oliveira2008,
title   = {Amnésia: um simulador de hierarquia de memória},
author = {Oliveira, Bruno H. and Santos, Jordan H. and Souza, Paulo Sérgio Lopes de and Bruschi, Sarita Mazzini and Souza, Simone do Rocio Senger de},
year = {2008},
publisher = {s.n]},
booktitle   = {Workshop sobre Educação em Arquitetura de Computadores - WEAC}
}
